@online{factor-codebase,
	title = {12 Factor App - Codebase},
	date = {2017},
	url = {https://12factor.net/images/codebase-deploys.png},
	urldate = {2019-04-23},
	author = {Adam Wiggins}
}
@online{factor-concurrency,
	title = {12 Factor App - Concurrency},
	date = {2017},
	url = {https://12factor.net/images/process-types.png},
	urldate = {2019-04-23},
	author = {Adam Wiggins}
}
@online{factor-subdienst,
	title = {12 Factor App - Unterst√ºtzende Dienste},
	date = {2017},
	url = {https://12factor.net/images/attached-resources.png},
	urldate = {2019-014-23},
	author = {Adam Wiggins}
}
@online{factor-release,
	title = {12 Factor App - Release},
	date = {2017},
	url = {https://12factor.net/images/release.png},
	urldate = {2019-014-23},
	author = {Adam Wiggins}
}
@book{beyond,
	Author = {Hoffman, Kevin},
	Title = {Beyond the Twelve-Factor App},
	Publisher = {Addison-Wesley Professional},
	Year = {2016},
	month = {apr},
	ISBN = {9781492042631},
}